<record><leader>00000cas a22000007a 4500</leader><controlfield tag="001">36295642</controlfield><controlfield tag="008">970130d18951895okucr n       0    0eng d</controlfield><datafield ind1=" " ind2=" " tag="010"><subfield code="a">sn 97064739 </subfield></datafield><datafield ind1=" " ind2=" " tag="040"><subfield code="a">OBN</subfield><subfield code="b">eng</subfield><subfield code="c">OBN</subfield><subfield code="d">OCLCQ</subfield><subfield code="d">OCLCO</subfield></datafield><datafield ind1="1" ind2=" " tag="029"><subfield code="a">AU@</subfield><subfield code="b">000013092778</subfield></datafield><datafield ind1=" " ind2=" " tag="042"><subfield code="a">msc</subfield></datafield><datafield ind1=" " ind2=" " tag="043"><subfield code="a">n-us-ok</subfield></datafield><datafield ind1="0" ind2="0" tag="245"><subfield code="a">Semi-weekly industrial headlight.</subfield></datafield><datafield ind1="3" ind2=" " tag="246"><subfield code="a">Industrial headlight semi-weekly</subfield></datafield><datafield ind1=" " ind2=" " tag="260"><subfield code="a">El Reno, O.T. [Okla.] :</subfield><subfield code="b">J.C. Tousley</subfield></datafield><datafield ind1=" " ind2=" " tag="300"><subfield code="a">v.</subfield></datafield><datafield ind1=" " ind2=" " tag="310"><subfield code="a">Semiweekly</subfield></datafield><datafield ind1="0" ind2=" " tag="362"><subfield code="a">Vol. 1, no. 43 (July 8, 1895)-</subfield></datafield><datafield ind1="1" ind2=" " tag="362"><subfield code="a">Ceased in 1895.</subfield></datafield><datafield ind1=" " ind2="0" tag="650"><subfield code="a">Populism</subfield><subfield code="z">Oklahoma</subfield><subfield code="v">Newspapers.</subfield></datafield><datafield ind1=" " ind2="0" tag="651"><subfield code="a">El Reno (Okla.)</subfield><subfield code="v">Newspapers.</subfield></datafield><datafield ind1=" " ind2="0" tag="651"><subfield code="a">Canadian County (Okla.)</subfield><subfield code="v">Newspapers.</subfield></datafield><datafield ind1=" " ind2="0" tag="651"><subfield code="a">Oklahoma Territory (Okla.)</subfield><subfield code="v">Newspapers.</subfield></datafield><datafield ind1=" " ind2=" " tag="752"><subfield code="a">United States</subfield><subfield code="b">Oklahoma</subfield><subfield code="c">Canadian</subfield><subfield code="d">El Reno.</subfield></datafield><datafield ind1="0" ind2="0" tag="780"><subfield code="t">Industrial headlight</subfield><subfield code="w">(DLC)sn 97064738</subfield><subfield code="w">(OCoLC)36295525</subfield></datafield><datafield ind1="0" ind2="0" tag="785"><subfield code="t">Weekly industrial headlight</subfield><subfield code="w">(DLC)sn 97064740</subfield><subfield code="w">(OCoLC)36295722</subfield></datafield></record>